@BOOK{Schulmeister2013,
	AUTHOR = {Schulmeister, Rolf},
	YEAR = {2013},
	TITLE = {MOOCs - Massive Open Online Courses - Offene Bildung oder Geschäftsmodell?},
	EDITION = {1. Aufl.},
	ISBN = {978-3-830-92960-4},
	PUBLISHER = {Waxmann Verlag},
	ADDRESS = {Münster},
}
@Misc{elog,
title = {ellog - Das E-Learning Logbuch},
note = {Eingesehen am 14.03.2016},
url = {http://elearning-tu-dresden.blogspot.de/},
howpublished = "\url{http://elearning-tu-dresden.blogspot.de/}",
key = {elog},
}
